%% This BibTeX bibliography file was created using BibDesk.
%% http://bibdesk.sourceforge.net/


%% Created for kgajos at 2011-07-06 09:26:19 -0400 


%% Saved with string encoding Unicode (UTF-8) 



@inproceedings{little10:exploring,
	Acmid = {1837907},
	Address = {New York, NY, USA},
	Author = {Little, Greg and Chilton, Lydia B. and Goldman, Max and Miller, Robert C.},
	Booktitle = {Proceedings of the ACM SIGKDD Workshop on Human Computation},
	Date-Added = {2011-07-06 08:54:32 -0400},
	Date-Modified = {2011-07-06 08:54:40 -0400},
	Doi = {http://doi.acm.org/10.1145/1837885.1837907},
	Isbn = {978-1-4503-0222-7},
	Keywords = {Mechanical Turk, OCR, brainstorming, collaborative writing, crowd sourcing, human computation},
	Location = {Washington DC},
	Numpages = {9},
	Pages = {68--76},
	Publisher = {ACM},
	Series = {HCOMP '10},
	Title = {Exploring iterative and parallel human computation processes},
	Url = {http://doi.acm.org/10.1145/1837885.1837907},
	Year = {2010},
	Bdsk-Url-1 = {http://doi.acm.org/10.1145/1837885.1837907}}

@book{wisdom,
	Author = {Surowiecki, J.},
	Isbn = {9780385503860},
	Lccn = {2003070095},
	Publisher = {Doubleday},
	Title = {The wisdom of crowds: why the many are smarter than the few and how collective wisdom shapes business, economies, societies, and nations},
	Url = {http://books.google.com/books?id=bA0c4aYTD6gC},
	Year = {2004},
	Bdsk-Url-1 = {http://books.google.com/books?id=bA0c4aYTD6gC}}

@article{locke02:building,
	Author = {Locke, E.A. and Latham, G.P.},
	Date-Added = {2011-07-05 09:22:39 -0400},
	Date-Modified = {2011-07-05 09:22:46 -0400},
	Journal = {American Psychologist},
	Number = {9},
	Pages = {705--717},
	Title = {Building a practically useful theory of goal setting and task motivation},
	Volume = {57},
	Year = {2002}}

@article{urban10:accuracy,
	Author = {Urban, L.E. and Dallal, G.E. and Robinson, L.M. and Ausman, L.M. and Saltzman, E. and Roberts, S.B.},
	Date-Added = {2011-07-05 08:55:28 -0400},
	Date-Modified = {2011-07-05 08:55:36 -0400},
	Journal = {Journal of the American Dietetic Association},
	Number = {1},
	Pages = {116--123},
	Publisher = {Elsevier},
	Title = {The accuracy of stated energy contents of reduced-energy, commercially prepared foods},
	Volume = {110},
	Year = {2010}}

@inproceedings{Consolvo:2006:DRT:1124772.1124840,
	Acmid = {1124840},
	Address = {New York, NY, USA},
	Author = {Consolvo, Sunny and Everitt, Katherine and Smith, Ian and Landay, James A.},
	Booktitle = {Proceedings of the SIGCHI conference on Human Factors in computing systems},
	Date-Added = {2011-04-22 13:42:23 -0400},
	Date-Modified = {2011-04-22 13:42:23 -0400},
	Doi = {http://doi.acm.org/10.1145/1124772.1124840},
	Isbn = {1-59593-372-7},
	Keywords = {design requirements, fitness, mobile phone, obesity, overweight, pedometer, physical activity, social support},
	Location = {Montr\&\#233;al, Qu\&\#233;bec, Canada},
	Numpages = {10},
	Pages = {457--466},
	Publisher = {ACM},
	Series = {CHI '06},
	Title = {Design requirements for technologies that encourage physical activity},
	Url = {http://doi.acm.org/10.1145/1124772.1124840},
	Year = {2006},
	Bdsk-Url-1 = {http://doi.acm.org/10.1145/1124772.1124840}}

@inproceedings{Lin:2006fk,
	Author = {James J. Lin and Lena Mamykina and Silvia Lindtner and Gregory Delajoux and Henry B. Strub},
	Booktitle = {UbiComp 2006: Ubiquitous Computing},
	Date-Added = {2011-04-22 13:32:23 -0400},
	Date-Modified = {2011-04-22 19:45:31 -0400},
	Doi = {10.1007/11853565_16},
	Pages = {261--278},
	Series = {Lecture Notes in Computer Science},
	Title = {Fish'n'Steps: Encouraging Physical Activity with an Interactive Computer Game},
	Volume = {4206},
	Year = {2006},
	Bdsk-Url-1 = {http://www.springerlink.com/content/vtw615807853xn0v/fulltext.pdf},
	Bdsk-Url-2 = {http://dx.doi.org/10.1007/11853565_16}}

@inproceedings{Froehlich:2009:UIM:1518701.1518861,
	Acmid = {1518861},
	Address = {New York, NY, USA},
	Author = {Froehlich, Jon and Dillahunt, Tawanna and Klasnja, Predrag and Mankoff, Jennifer and Consolvo, Sunny and Harrison, Beverly and Landay, James A.},
	Booktitle = {Proceedings of the 27th international conference on Human factors in computing systems},
	Date-Added = {2011-04-22 13:31:11 -0400},
	Date-Modified = {2011-04-22 13:31:11 -0400},
	Doi = {http://doi.acm.org/10.1145/1518701.1518861},
	Isbn = {978-1-60558-246-7},
	Keywords = {ambient displays, mobile phones, sensing, sustainability, transportation, ubicomp},
	Location = {Boston, MA, USA},
	Numpages = {10},
	Pages = {1043--1052},
	Publisher = {ACM},
	Series = {CHI '09},
	Title = {UbiGreen: investigating a mobile tool for tracking and supporting green transportation habits},
	Url = {http://doi.acm.org/10.1145/1518701.1518861},
	Year = {2009},
	Bdsk-Url-1 = {http://doi.acm.org/10.1145/1518701.1518861}}

@inproceedings{Consolvo:2008:FRA:1409635.1409644,
	Acmid = {1409644},
	Address = {New York, NY, USA},
	Author = {Consolvo, Sunny and Klasnja, Predrag and McDonald, David W. and Avrahami, Daniel and Froehlich, Jon and LeGrand, Louis and Libby, Ryan and Mosher, Keith and Landay, James A.},
	Booktitle = {Proceedings of the 10th international conference on Ubiquitous computing},
	Date-Added = {2011-04-22 13:30:03 -0400},
	Date-Modified = {2011-04-22 13:30:03 -0400},
	Doi = {http://doi.acm.org/10.1145/1409635.1409644},
	Isbn = {978-1-60558-136-1},
	Keywords = {ambient display, awareness, calm technology, field experiment, fitness, glanceable display, mobile phone, personal mobile display, persuasive technology, physical activity},
	Location = {Seoul, Korea},
	Numpages = {10},
	Pages = {54--63},
	Publisher = {ACM},
	Series = {UbiComp '08},
	Title = {Flowers or a robot army?: encouraging awareness \& activity with personal, mobile displays},
	Url = {http://doi.acm.org/10.1145/1409635.1409644},
	Year = {2008},
	Bdsk-Url-1 = {http://doi.acm.org/10.1145/1409635.1409644}}

@article{reisner08:diet,
	Author = {Rebecca Reisner and Derek Thompson},
	Date-Added = {2011-04-20 22:55:04 -0400},
	Date-Modified = {2011-04-20 22:58:43 -0400},
	Journal = {BuisinessWeek},
	Local-Url = {file://localhost/Users/kgajos/Documents/shared/research/Papers/Reisner/Reisner-2008-The%20Diet%20Industry%20A%20Big.pdf},
	Month = {January},
	Rating = {0},
	Title = {The Diet Industry: A Big Fat Lie},
	Url = {http://www.businessweek.com/debateroom/archives/2008/01/the_diet_indust.html},
	Year = {2008},
	Bdsk-File-1 = {YnBsaXN0MDDUAQIDBAUIJidUJHRvcFgkb2JqZWN0c1gkdmVyc2lvblkkYXJjaGl2ZXLRBgdUcm9vdIABqAkKFRYXGyIjVSRudWxs0wsMDQ4RFFpOUy5vYmplY3RzV05TLmtleXNWJGNsYXNzog8QgASABqISE4ACgAOAB1lhbGlhc0RhdGFccmVsYXRpdmVQYXRo0hgNGRpXTlMuZGF0YU8RAiYAAAAAAiYAAgAADE1hY2ludG9zaCBIRAAAAAAAAAAAAAAAAAAAAMY6lcRIKwAAAN0Qqx9SZWlzbmVyLTIwMDgtVGhlIERpZSNERDBGRUUucGRmAAAAAAAAAAAAAAAAAAAAAAAAAAAAAAAAAAAAAAAAAAAA3Q/uydUTawAAAAAAAAAAAAIABQAACSAAAAAAAAAAAAAAAAAAAAAHUmVpc25lcgAAEAAIAADGOs4EAAAAEQAIAADJ1UurAAAAAQAcAN0QqwAjeFcAMQxuAA5EhQAKnn4ACp5nAACF7QACAGJNYWNpbnRvc2ggSEQ6VXNlcnM6a2dham9zOkRvY3VtZW50czpzaGFyZWQ6cmVzZWFyY2g6UGFwZXJzOlJlaXNuZXI6UmVpc25lci0yMDA4LVRoZSBEaWUjREQwRkVFLnBkZgAOAFIAKABSAGUAaQBzAG4AZQByAC0AMgAwADAAOAAtAFQAaABlACAARABpAGUAdAAgAEkAbgBkAHUAcwB0AHIAeQAgAEEAIABCAGkAZwAuAHAAZABmAA8AGgAMAE0AYQBjAGkAbgB0AG8AcwBoACAASABEABIAXlVzZXJzL2tnYWpvcy9Eb2N1bWVudHMvc2hhcmVkL3Jlc2VhcmNoL1BhcGVycy9SZWlzbmVyL1JlaXNuZXItMjAwOC1UaGUgRGlldCBJbmR1c3RyeSBBIEJpZy5wZGYAEwABLwAAFQACAA3//wAAgAXSHB0eH1gkY2xhc3Nlc1okY2xhc3NuYW1lox8gIV1OU011dGFibGVEYXRhVk5TRGF0YVhOU09iamVjdF8QTS4uLy4uL3NoYXJlZC9yZXNlYXJjaC9QYXBlcnMvUmVpc25lci9SZWlzbmVyLTIwMDgtVGhlIERpZXQgSW5kdXN0cnkgQSBCaWcucGRm0hwdJCWiJSFcTlNEaWN0aW9uYXJ5EgABhqBfEA9OU0tleWVkQXJjaGl2ZXIACAARABYAHwAoADIANQA6ADwARQBLAFIAXQBlAGwAbwBxAHMAdgB4AHoAfACGAJMAmACgAsoCzALRAtoC5QLpAvcC/gMHA1cDXANfA2wDcQAAAAAAAAIBAAAAAAAAACgAAAAAAAAAAAAAAAAAAAOD},
	Bdsk-Url-1 = {http://www.businessweek.com/debateroom/archives/2008/01/the_diet_indust.html}}

@article{hoffmann05:costly,
	Author = {Leah Hoffmann and Lacey Rose},
	Date-Added = {2011-04-20 22:55:04 -0400},
	Date-Modified = {2011-07-06 09:26:16 -0400},
	Journal = {Forbes.com},
	Local-Url = {file://localhost/Users/kgajos/Documents/shared/research/Papers/Hoffmann/Hoffmann-2005-Costly%20Calories.pdf},
	Month = {March},
	Rating = {0},
	Title = {Costly Calories},
	Url = {http://www.forbes.com/2005/03/30/cx_dietland.html},
	Year = {2005},
	Bdsk-File-1 = {YnBsaXN0MDDUAQIDBAUIJidUJHRvcFgkb2JqZWN0c1gkdmVyc2lvblkkYXJjaGl2ZXLRBgdUcm9vdIABqAkKFRYXGyIjVSRudWxs0wsMDQ4RFFpOUy5vYmplY3RzV05TLmtleXNWJGNsYXNzog8QgASABqISE4ACgAOAB1lhbGlhc0RhdGFccmVsYXRpdmVQYXRo0hgNGRpXTlMuZGF0YU8RAhQAAAAAAhQAAgAADE1hY2ludG9zaCBIRAAAAAAAAAAAAAAAAAAAAMY6lcRIKwAAACYj1R9Ib2ZmbWFubi0yMDA1LUNvc3RseSNERDBGRkEucGRmAAAAAAAAAAAAAAAAAAAAAAAAAAAAAAAAAAAAAAAAAAAA3Q/6ydUTMwAAAAAAAAAAAAIABQAACSAAAAAAAAAAAAAAAAAAAAAISG9mZm1hbm4AEAAIAADGOs4EAAAAEQAIAADJ1UtzAAAAAQAcACYj1QAjeFcAMQxuAA5EhQAKnn4ACp5nAACF7QACAGNNYWNpbnRvc2ggSEQ6VXNlcnM6a2dham9zOkRvY3VtZW50czpzaGFyZWQ6cmVzZWFyY2g6UGFwZXJzOkhvZmZtYW5uOkhvZmZtYW5uLTIwMDUtQ29zdGx5I0REMEZGQS5wZGYAAA4ARAAhAEgAbwBmAGYAbQBhAG4AbgAtADIAMAAwADUALQBDAG8AcwB0AGwAeQAgAEMAYQBsAG8AcgBpAGUAcwAuAHAAZABmAA8AGgAMAE0AYQBjAGkAbgB0AG8AcwBoACAASABEABIAWFVzZXJzL2tnYWpvcy9Eb2N1bWVudHMvc2hhcmVkL3Jlc2VhcmNoL1BhcGVycy9Ib2ZmbWFubi9Ib2ZmbWFubi0yMDA1LUNvc3RseSBDYWxvcmllcy5wZGYAEwABLwAAFQACAA3//wAAgAXSHB0eH1gkY2xhc3Nlc1okY2xhc3NuYW1lox8gIV1OU011dGFibGVEYXRhVk5TRGF0YVhOU09iamVjdF8QRy4uLy4uL3NoYXJlZC9yZXNlYXJjaC9QYXBlcnMvSG9mZm1hbm4vSG9mZm1hbm4tMjAwNS1Db3N0bHkgQ2Fsb3JpZXMucGRm0hwdJCWiJSFcTlNEaWN0aW9uYXJ5EgABhqBfEA9OU0tleWVkQXJjaGl2ZXIACAARABYAHwAoADIANQA6ADwARQBLAFIAXQBlAGwAbwBxAHMAdgB4AHoAfACGAJMAmACgArgCugK/AsgC0wLXAuUC7AL1Az8DRANHA1QDWQAAAAAAAAIBAAAAAAAAACgAAAAAAAAAAAAAAAAAAANr},
	Bdsk-Url-1 = {http://www.forbes.com/2005/03/30/cx_dietland.html}}

@misc{dinkins2000beliefs,
	Author = {Dinkins, JM},
	Date-Added = {2011-04-20 22:27:16 -0400},
	Date-Modified = {2011-04-20 22:28:36 -0400},
	Howpublished = {US Department of Agriculture Center for Nutrition Policy and Promotion},
	Title = {Beliefs and attitudes of Americans towards their diet.},
	Year = {2000}}

@article{mann2007medicare,
	Author = {Mann, T. and Tomiyama, A.J. and Westling, E. and Lew, A.M. and Samuels, B. and Chatman, J.},
	Date-Added = {2011-04-20 22:26:04 -0400},
	Date-Modified = {2011-04-20 22:26:04 -0400},
	Issn = {1935-990X},
	Journal = {American Psychologist},
	Number = {3},
	Pages = {220},
	Publisher = {American Psychological Association},
	Title = {{Medicare's search for effective obesity treatments: Diets are not the answer.}},
	Volume = {62},
	Year = {2007}}

@article{champagne2002energy,
	Author = {Champagne, C.M. and Bray, G.A. and Kurtz, A.A. and Monteiro, J.B.R. and Tucker, E. and Volaufova, J. and Delany, J.P.},
	Date-Added = {2011-04-20 22:25:28 -0400},
	Date-Modified = {2011-04-22 01:09:53 -0400},
	Issn = {0002-8223},
	Journal = {Journal of the American Dietetic Association},
	Number = {10},
	Pages = {1428--1432},
	Publisher = {Elsevier},
	Title = {Energy Intake and Energy Expenditure:: A Controlled Study Comparing Dietitians and Non-dietitians},
	Volume = {102},
	Year = {2002}}

@url{mobilecrunch:mealsnap,
	Author = {Greg Kumparak},
	Date-Added = {2011-04-20 22:25:28 -0400},
	Date-Modified = {2011-04-20 22:25:28 -0400},
	Journal = {MobileCrunch},
	Month = {April},
	Title = {Too Lazy To Count Calories? Now You Can Just Take A Picture Of Your Meal},
	Url = {http://www.mobilecrunch.com/2011/04/05/too-lazy-to-count-calories-now-you-can-just-take-a-picture-of-your-meal/},
	Year = {2011},
	Bdsk-Url-1 = {http://www.mobilecrunch.com/2011/04/05/too-lazy-to-count-calories-now-you-can-just-take-a-picture-of-your-meal/}}

@url{mealsnap,
	Author = {DailyBurn Inc.},
	Date-Added = {2011-04-20 22:25:28 -0400},
	Date-Modified = {2011-04-20 22:25:28 -0400},
	Title = {Meal Snap},
	Url = {http://mealsnap.com/},
	Year = {2011},
	Bdsk-Url-1 = {http://mealsnap.com/}}

@conference{little2009turkit,
	Author = {Little, G. and Chilton, L.B. and Goldman, M. and Miller, R.C.},
	Booktitle = {Proceedings of the ACM SIGKDD workshop on human computation},
	Date-Added = {2011-04-20 22:25:28 -0400},
	Date-Modified = {2011-04-20 22:25:28 -0400},
	Organization = {ACM},
	Pages = {29--30},
	Title = {Turkit: Tools for iterative tasks on mechanical turk},
	Year = {2009}}

@techreport{crowdforge,
	Author = {Kittur, A. and Smus, B. and Kraut, R.E.},
	Institution = {CMU},
	Number = {CMU-HCII-11-100},
	Title = {CrowdForge: Crowdsourcing Complex Work},
	Year = {2011}}

@conference{little2010turkit,
	Author = {Little, G. and Chilton, L.B. and Goldman, M. and Miller, R.C.},
	Booktitle = {Proceedings of the 23nd annual ACM symposium on User interface software and technology},
	Date-Added = {2011-04-20 22:25:28 -0400},
	Date-Modified = {2011-04-20 22:25:28 -0400},
	Organization = {ACM},
	Pages = {57--66},
	Title = {Turkit: human computation algorithms on mechanical turk},
	Year = {2010}}

@article{martin2007empirical,
	Author = {Martin, C.K. and Anton, S.D. and York-Crowe, E. and Heilbronn, L.K. and VanSkiver, C. and Redman, L.M. and Greenway, F.L. and Ravussin, E. and Williamson, D.A.},
	Date-Added = {2011-04-20 22:25:28 -0400},
	Date-Modified = {2011-04-20 22:25:28 -0400},
	Issn = {1475-2662},
	Journal = {British Journal of Nutrition},
	Number = {02},
	Pages = {439--444},
	Publisher = {Cambridge Univ Press},
	Title = {Empirical evaluation of the ability to learn a calorie counting system and estimate portion size and food intake},
	Volume = {98},
	Year = {2007}}

@article{ann2006use,
	Author = {Ann Yon, B. and Johnson, R.K. and Harvey-Berino, J. and Gold, B.C.},
	Date-Added = {2011-04-20 22:25:28 -0400},
	Date-Modified = {2011-04-20 22:25:28 -0400},
	Issn = {0002-8223},
	Journal = {Journal of the American Dietetic Association},
	Number = {8},
	Pages = {1256--1259},
	Publisher = {Elsevier},
	Title = {The use of a personal digital assistant for dietary self-monitoring does not improve the validity of self-reports of energy intake},
	Volume = {106},
	Year = {2006}}

@article{yon2007personal,
	Author = {Yon, B.A. and Johnson, R.K. and Harvey-Berino, J. and Gold, B.C. and Howard, A.B.},
	Date-Added = {2011-04-20 22:25:28 -0400},
	Date-Modified = {2011-04-20 22:25:28 -0400},
	Issn = {0160-7715},
	Journal = {Journal of behavioral medicine},
	Number = {2},
	Pages = {165--175},
	Publisher = {Springer},
	Title = {Personal digital assistants are comparable to traditional diaries for dietary self-monitoring during a weight loss program},
	Volume = {30},
	Year = {2007}}

@article{pikholz2004under,
	Author = {Pikholz, C. and Swinburn, B. and Metcalf, PA},
	Date-Added = {2011-04-20 22:25:28 -0400},
	Date-Modified = {2011-04-22 19:44:47 -0400},
	Issn = {1175-8716},
	Journal = {The New Zealand Medical Journal},
	Number = {1202},
	Publisher = {NZMA},
	Title = {Under-reporting of energy intake in the 1997 National Nutrition Survey},
	Volume = {117},
	Year = {2004}}

@article{goris2000undereating,
	Author = {Goris, A.H.C. and Westerterp-Plantenga, M.S. and Westerterp, K.R.},
	Date-Added = {2011-04-20 22:25:28 -0400},
	Date-Modified = {2011-04-20 22:25:28 -0400},
	Issn = {0002-9165},
	Journal = {The American journal of clinical nutrition},
	Number = {1},
	Pages = {130},
	Publisher = {Am Soc Nutrition},
	Title = {Undereating and underrecording of habitual food intake in obese men: selective underreporting of fat intake},
	Volume = {71},
	Year = {2000}}

@article{bandini1990validity,
	Author = {Bandini, L.G. and Schoeller, D.A. and Cyr, H.N. and Dietz, W.H.},
	Date-Added = {2011-04-20 22:25:28 -0400},
	Date-Modified = {2011-04-20 22:25:28 -0400},
	Issn = {0002-9165},
	Journal = {The American journal of clinical nutrition},
	Number = {3},
	Pages = {421},
	Publisher = {Am Soc Nutrition},
	Title = {Validity of reported energy intake in obese and nonobese adolescents},
	Volume = {52},
	Year = {1990}}

@article{schoeller1990inaccuracies,
	Author = {Schoeller, D.A. and Bandini, L.G. and Dietz, W.H.},
	Date-Added = {2011-04-20 22:25:28 -0400},
	Date-Modified = {2011-04-20 22:25:28 -0400},
	Issn = {0008-4212},
	Journal = {Canadian journal of physiology and pharmacology},
	Number = {7},
	Pages = {941},
	Title = {Inaccuracies in self-reported intake identified by comparison with the doubly labelled water method.},
	Volume = {68},
	Year = {1990}}

@inproceedings{kitamura2010image,
	Author = {Kitamura, K. and de Silva, C. and Yamasaki, T. and Aizawa, K.},
	Booktitle = {IEEE International Conference on Multimedia and Expo (ICME)},
	Date-Added = {2011-04-20 22:25:28 -0400},
	Date-Modified = {2011-07-06 08:25:07 -0400},
	Issn = {1945-7871},
	Organization = {IEEE},
	Pages = {625--630},
	Title = {Image processing based approach to food balance analysis for personal food logging},
	Year = 2010}

@conference{bernstein2010soylent,
	Author = {Bernstein, M.S. and Little, G. and Miller, R.C. and Hartmann, B. and Ackerman, M.S. and Karger, D.R. and Crowell, D. and Panovich, K.},
	Booktitle = {Proceedings of the 23nd annual ACM symposium on User interface software and technology},
	Date-Added = {2011-04-20 22:25:28 -0400},
	Date-Modified = {2011-04-20 22:25:28 -0400},
	Organization = {ACM},
	Pages = {313--322},
	Title = {Soylent: a word processor with a crowd inside},
	Year = {2010}}

@conference{qurk,
	Author = {Marcus, A. and Wu, E. and Karger, D.R. and Madden, S. and Miller, R.C.},
	Booktitle = {CIDR},
	Title = {{Crowdsourced databases: Query processing with people}},
	Year = {2011}}

@article{martin2009novel,
	Author = {Martin, C.K. and Han, H. and Coulon, S.M. and Allen, H.R. and Champagne, C.M. and Anton, S.D.},
	Date-Added = {2011-04-20 22:25:28 -0400},
	Date-Modified = {2011-04-20 22:25:28 -0400},
	Issn = {1475-2662},
	Journal = {British Journal of Nutrition},
	Number = {03},
	Pages = {446--456},
	Publisher = {Cambridge Univ Press},
	Title = {A novel method to remotely measure food intake of free-living individuals in real time: the remote food photography method},
	Volume = {101},
	Year = {2009}}

@article{simmons2000nutritional,
	Author = {Simmons, S.F. and Reuben, D.},
	Date-Added = {2011-04-20 22:25:28 -0400},
	Date-Modified = {2011-04-20 22:25:28 -0400},
	Issn = {0002-8614},
	Journal = {Journal of the American Geriatrics Society},
	Number = {2},
	Pages = {209--213},
	Publisher = {Wiley-Blackwell},
	Title = {Nutritional intake monitoring for nursing home residents: a comparison of staff documentation, direct observation, and photography methods},
	Volume = {48},
	Year = {2000}}

@article{barrett1991nutrition,
	Author = {Barrett-Connor, E.},
	Date-Added = {2011-04-20 22:25:28 -0400},
	Date-Modified = {2011-04-20 22:25:28 -0400},
	Issn = {0002-9165},
	Journal = {The American journal of clinical nutrition},
	Number = {1},
	Pages = {182S},
	Publisher = {Am Soc Nutrition},
	Title = {Nutrition epidemiology: how do we know what they ate?},
	Volume = {54},
	Year = {1991}}

@article{lucas1995estimation,
	Author = {Lucas, F. and Niravong, M. and Villeminot, S. and Kaaks, R. and Clavel-Chapelon, F.},
	Date-Added = {2011-04-20 22:25:28 -0400},
	Date-Modified = {2011-04-20 22:25:28 -0400},
	Issn = {1365-277X},
	Journal = {Journal of Human Nutrition and Dietetics},
	Number = {1},
	Pages = {65--74},
	Publisher = {Wiley Online Library},
	Title = {Estimation of food portion size using photographs: validity, strengths, weaknesses and recommendations},
	Volume = {8},
	Year = {1995}}

@misc{hortondot,
	Author = {Horton, J.J.},
	Date-Added = {2011-04-20 22:25:28 -0400},
	Date-Modified = {2011-04-22 19:42:54 -0400},
	Howpublished = {Working paper, retrieved in April 2010},
	Title = {The Dot-Guessing Game: A Fruit Flyfor Human Computation Research},
	Year = {2010}}

@article{wardle2000nutrition,
	Author = {Wardle, J. and Parmenter, K. and Waller, J.},
	Date-Added = {2011-04-20 22:25:28 -0400},
	Date-Modified = {2011-04-20 22:25:28 -0400},
	Issn = {0195-6663},
	Journal = {Appetite},
	Publisher = {Elsevier Science},
	Title = {Nutrition knowledge and food intake.},
	Year = {2000}}

@article{baker1993self,
	Author = {Baker, R.C. and Kirschenbaum, D.S.},
	Date-Added = {2011-04-20 22:25:28 -0400},
	Date-Modified = {2011-04-20 22:25:28 -0400},
	Issn = {0005-7894},
	Journal = {Behavior Therapy},
	Number = {3},
	Pages = {377--394},
	Publisher = {Elsevier},
	Title = {Self-monitoring may be necessary for successful weight control},
	Volume = {24},
	Year = {1993}}

@article{worsley2002nutrition,
	Author = {Worsley, A.},
	Date-Added = {2011-04-20 22:25:28 -0400},
	Date-Modified = {2011-04-20 22:25:28 -0400},
	Issn = {1440-6047},
	Journal = {Asia Pacific journal of clinical nutrition},
	Pages = {S579--S585},
	Publisher = {Wiley Online Library},
	Title = {Nutrition knowledge and food consumption: can nutrition knowledge change food behaviour?},
	Volume = {11},
	Year = {2002}}
